@inproceedings{Kachuee_2018,
   title={ECG Heartbeat Classification: A Deep Transferable Representation},
   url={http://dx.doi.org/10.1109/ICHI.2018.00092},
   DOI={10.1109/ichi.2018.00092},
   booktitle={2018 IEEE International Conference on Healthcare Informatics (ICHI)},
   publisher={IEEE},
   author={Kachuee, Mohammad and Fazeli, Shayan and Sarrafzadeh, Majid},
   year={2018},
   month=jun, pages={443–444} }
@misc{odugoudar2024ecgclassificationarrhythmiadetection,
      title={ECG Classification System for Arrhythmia Detection Using Convolutional Neural Networks}, 
      author={Aryan Odugoudar and Jaskaran Singh Walia},
      year={2024},
      eprint={2303.03660},
      archivePrefix={arXiv},
      primaryClass={eess.SP},
      url={https://arxiv.org/abs/2303.03660}, 
}
@INPROCEEDINGS{9397163,
  author={Prakash, M. Bhanu and V, Sowmya and A, Gopalakrishnan E and P, Soman K},
  booktitle={2021 International Conference on Computing, Communication, and Intelligent Systems (ICCCIS)}, 
  title={Noise Reduction of ECG using Chebyshev filter and Classification using Machine Learning Algorithms}, 
  year={2021},
  volume={},
  number={},
  pages={434-441},
  keywords={Noise reduction;Cardiac disease;Filtering algorithms;Chebyshev approximation;Electrocardiography;Feature extraction;Task analysis;Ecg;Noise Filtering;Machine Learning Algorithms;Classification;Chebfun;Chebyshev Type II Filter},
  doi={10.1109/ICCCIS51004.2021.9397163}}

@ARTICLE{6795963,
  author={Hochreiter, Sepp and Schmidhuber, Jürgen},
  journal={Neural Computation}, 
  title={Long Short-Term Memory}, 
  year={1997},
  volume={9},
  number={8},
  pages={1735-1780},
  keywords={},
  doi={10.1162/neco.1997.9.8.1735}}
